@inproceedings{chidamber1994,
  title={A Metrics Suite for Object Oriented Design},
  author={Chidamber, Shyam R. and Keremer, Chris F.},
  booktitle={IEEE Transactions on Software Engineering},
  volume={20},
  pages={476--493},
  year={1994}
}

@masterthesis{almeida2010,
  author={Almeida, Lucianna Thomaz and Miranda, João Machini},
  title={Código Limpo e seu Mapeamento para Métricas de Código Fonte},
  school = {Instituto de Matemática e Estatística da Universidade de São Paulo},
  year   = {2010}
}