@inproceedings{chidamber1994,
  title={A Metrics Suite for Object Oriented Design},
  author={Chidamber, Shyam R. and Keremer, Chris F.},
  booktitle={IEEE Transactions on Software Engineering},
  volume={20},
  pages={476--493},
  year={1994}
}